<record><leader>00000cas a22000007a 4500</leader><controlfield tag="001">12008613</controlfield><controlfield tag="008">850508d18711881tnuwr ne      0    0eng d</controlfield><datafield ind1=" " ind2=" " tag="010"><subfield code="a">sn 85033488 </subfield></datafield><datafield ind1=" " ind2=" " tag="040"><subfield code="a">NPU</subfield><subfield code="b">eng</subfield><subfield code="c">NPU</subfield><subfield code="d">DLC</subfield><subfield code="d">NPX</subfield><subfield code="d">TGN</subfield><subfield code="d">OCLCQ</subfield><subfield code="d">OCLCF</subfield><subfield code="d">OCLCO</subfield></datafield><datafield ind1="1" ind2=" " tag="029"><subfield code="a">AU@</subfield><subfield code="b">000020379096</subfield></datafield><datafield ind1=" " ind2=" " tag="042"><subfield code="a">msc</subfield></datafield><datafield ind1=" " ind2=" " tag="043"><subfield code="a">n-us-tn</subfield></datafield><datafield ind1="0" ind2="0" tag="050"><subfield code="a">Newspaper 9793-X</subfield></datafield><datafield ind1="0" ind2="4" tag="245"><subfield code="a">The Loudon journal.</subfield></datafield><datafield ind1=" " ind2=" " tag="260"><subfield code="a">Loudon, Tenn. :</subfield><subfield code="b">William Bussell,</subfield><subfield code="c">-1881.</subfield></datafield><datafield ind1=" " ind2=" " tag="300"><subfield code="a">v. :</subfield><subfield code="b">ill. (chiefly advertisements) ;</subfield><subfield code="c">56 cm.</subfield></datafield><datafield ind1=" " ind2=" " tag="310"><subfield code="a">Weekly</subfield></datafield><datafield ind1="1" ind2=" " tag="362"><subfield code="a">Began in 1871.</subfield></datafield><datafield ind1="0" ind2=" " tag="362"><subfield code="a">-v. 9, no 45 (Aug. 12, 1881).</subfield></datafield><datafield ind1=" " ind2=" " tag="500"><subfield code="a">Publishers: William Bussell, &lt;1872-1880&gt;; Journal Pub. Co., &lt;1881&gt;</subfield></datafield><datafield ind1=" " ind2=" " tag="530"><subfield code="a">Available on microfilm from Tennessee State Library and Archives, Nashville, Tenn.</subfield></datafield><datafield ind1=" " ind2=" " tag="588"><subfield code="a">Description based on: Vol. 1, no. 34 (July 20, 1872).</subfield></datafield><datafield ind1=" " ind2="0" tag="651"><subfield code="a">Loudon (Tenn.)</subfield><subfield code="v">Newspapers.</subfield></datafield><datafield ind1=" " ind2="0" tag="651"><subfield code="a">Loudon County (Tenn.)</subfield><subfield code="v">Newspapers.</subfield></datafield><datafield ind1=" " ind2="7" tag="655"><subfield code="a">Newspapers.</subfield><subfield code="2">fast</subfield><subfield code="0">(OCoLC)fst01423814</subfield></datafield><datafield ind1=" " ind2="7" tag="651"><subfield code="a">Tennessee</subfield><subfield code="z">Loudon.</subfield><subfield code="2">fast</subfield><subfield code="0">(OCoLC)fst01221767</subfield></datafield><datafield ind1=" " ind2="7" tag="651"><subfield code="a">Tennessee</subfield><subfield code="z">Loudon County.</subfield><subfield code="2">fast</subfield><subfield code="0">(OCoLC)fst01221597</subfield></datafield><datafield ind1=" " ind2=" " tag="752"><subfield code="a">United States</subfield><subfield code="b">Tennessee</subfield><subfield code="c">Loudon</subfield><subfield code="d">Loudon.</subfield></datafield><datafield ind1="0" ind2="0" tag="785"><subfield code="t">Republican farmer (Loudon, Tenn.)</subfield><subfield code="w">(DLC)sn 97065503</subfield></datafield></record>